@misc{ab15,
author = {Deutsch, P},
title = {DEFLATE Compressed Data Format Specification version 1.3},
year = {1996},
month = {may},
url = {http://www.ietf.org/rfc/rfc1951.txt},
howpublished = {RFC 1951}
}
@misc{ab14,
author = {Yergeau, F},
title = {UTF-8, a transformation format of ISO 10646},
year = {1998},
month = {jan},
url = {http://www.ietf.org/rfc/rfc2279.txt},
howpublished = {RFC 2279}
}
@inproceedings{ab13,
author = {Zhenghong Gao and Yinfei Pan and Ying Zhang and Chili, K},
title = {A High Performance Schema-Specific XML Parser},
year = {2007},
month = {dec},
pages = {245-252},
booktitle: {e-Science and Grid Computing, IEEE International Conference}
}
@inproceedings{ab12,
author = {Xiaosong Li and Hao Wang and Taoying Liu and Wei Li},
title = {Key Elements Tracing Method for Parallel XML Parsing in Multi-Core System},
year = {2009},
month = {dec},
pages = {439-444},
booktitle: {Parallel and Distributed Computing, Applications and Technologies, ab09 International Conference}
}
@inproceedings{ab11,
author = {Nicola, Matthias and John, Jasmi},
title = {XML parsing: a threat to database performance},
year = {2003},
url = {http://doi.acm.org/10.ab45/ab6863.ab6898},
pages = {175-178},
series = {CIKM '03},
address = {New York, NY, USA},
publisher = {ACM},
booktitle: {Proceedings of the twelfth international conference on Information and knowledge management}
}
@standard{ab10,
title = {Office Open XML File Formats},
year = {2006},
month = {dec},
url = {http://www.ecma-international.org/publications/standards/Ecma-376.htm},
number = {376},
organization = {ECMA}
}
@standard{ab09,
title = {Codes for the Representation of Names of Languages},
year = {1998},
number = {639-2},
organization = {ISO}
}
@standard{ab08,
title = {Information Processing - ISO 7-bit coded character set for information exchange},
year = {1983},
number = {646},
organization = {ISO}
}
@electronic{ab07,
title = {ZIP File Format Specification},
year = {2007},
month = {sep},
url = {http://www.pkware.com/documents/casestudies/APPNOTE.TXT}
}
@electronic{ab06,
title = {EPUB Publications 3.0},
year = {2011},
month = {oct},
url = {http://idpf.org/epub/30/spec/epub30-publications.html}
}
@electronic{ab05,
title = {Efficient XML Interchange (EXI) Format},
year = {2011},
month = {mar},
url = {http://www.w3.org/TR/exi/}
}
@electronic{ab04,
title = {The Week in Chess (TWIC)},
url = {http://www.theweekinchess.com/}
}
@electronic{ab03,
author = {Alan Cowderoy},
title = {The ChessGML distribution},
year = {2000},
month = {Apr},
url = {http://www.saremba.de/chessgml/distribution.htm}
}
@electronic{ab02,
author = {Alan Cowderoy},
title = {Portable Game Notation Specification and Implementation Guide - Draft},
year = {2001},
month = {Sep},
url = {http://www.enpassant.dk/chess/palview/enhancedpgn.htm}
}
@electronic{ab01,
title = {Portable Game Notation Specification and Implementation Guide},
year = {1994},
month = {Mar},
url = {http://www.chessclub.com/help/PGN-spec}
}
